<record><leader>00000cas a22000007a 4500</leader><controlfield tag="001">11902090</controlfield><controlfield tag="008">850410d18721873iluwr ne      0    0eng d</controlfield><datafield ind1=" " ind2=" " tag="010"><subfield code="a">sn 85033360 </subfield></datafield><datafield ind1=" " ind2=" " tag="040"><subfield code="a">NPU</subfield><subfield code="b">eng</subfield><subfield code="c">NPU</subfield><subfield code="d">OCLCQ</subfield></datafield><datafield ind1=" " ind2=" " tag="042"><subfield code="a">msc</subfield></datafield><datafield ind1="0" ind2="4" tag="245"><subfield code="a">The Assumption press.</subfield></datafield><datafield ind1=" " ind2=" " tag="260"><subfield code="a">Assumption, Ill. :</subfield><subfield code="b">John P. Marnel</subfield></datafield><datafield ind1=" " ind2=" " tag="300"><subfield code="a">v. ;</subfield><subfield code="c">61 cm.</subfield></datafield><datafield ind1=" " ind2=" " tag="310"><subfield code="a">Weekly</subfield></datafield><datafield ind1="1" ind2=" " tag="362"><subfield code="a">Began in Sept. 1872; ceased in 1873.</subfield><subfield code="z">Cf. Scott, F.W. Newspapers and periodicals of Illinois, 1814-1879.</subfield></datafield><datafield ind1=" " ind2=" " tag="500"><subfield code="a">"Upward and onward."</subfield></datafield><datafield ind1=" " ind2=" " tag="500"><subfield code="a">Published every Friday.</subfield></datafield><datafield ind1=" " ind2=" " tag="500"><subfield code="a">Editor: John P. Marnel, &lt;1873&gt;.</subfield></datafield><datafield ind1=" " ind2=" " tag="588"><subfield code="a">Description based on: Vol. 1, no. 17 (Jan. 10, 1873).</subfield></datafield><datafield ind1=" " ind2=" " tag="752"><subfield code="a">United States</subfield><subfield code="b">Illinois</subfield><subfield code="c">Christian</subfield><subfield code="d">Assumption.</subfield></datafield><datafield ind1="1" ind2=" " tag="029"><subfield code="a">AU@</subfield><subfield code="b">000025836264</subfield></datafield></record>